<?xml version="1.0" encoding="UTF-8"?><collection xmlns="http://www.loc.gov/MARC21/slim"><record><leader>00591nam--2200193-i-4500</leader><controlfield tag="001">000010768</controlfield><controlfield tag="002">20161230</controlfield><controlfield tag="005">20161230201028</controlfield><controlfield tag="008">060222s1000------------r-----000-0-eng-d</controlfield><datafield ind1=" " ind2=" " tag="040"><subfield code="a">IFIN-HH</subfield></datafield><datafield ind1=" " ind2=" " tag="080"><subfield code="a">539.12(061.3)</subfield></datafield><datafield ind1="1" ind2=" " tag="100"><subfield code="a">Bander, M</subfield></datafield><datafield ind1="1" ind2="0" tag="245"><subfield code="a">Particle physics. irvine conference - 1971. aip conference proceedings. number 6</subfield><subfield code="c">M. brander, g.l. shaw, d.y. wong (eds.)</subfield></datafield><datafield ind1=" " ind2=" " tag="260"><subfield code="a">New York</subfield><subfield code="b">American Institute Of Physics</subfield><subfield code="c">1972</subfield></datafield><datafield ind1=" " ind2=" " tag="300"><subfield code="a">185 P</subfield></datafield><datafield ind1=" " ind2=" " tag="490"><subfield code="a">Aip Conference Proceedings, 6</subfield></datafield><datafield ind1="1" ind2=" " tag="700"><subfield code="a">Wong, D.Y</subfield><subfield code="e">Ed</subfield></datafield><datafield ind1=" " ind2=" " tag="852"><subfield code="a">37027</subfield><subfield code="c">53</subfield></datafield><datafield ind1=" " ind2=" " tag="CAT"><subfield code="a">Sys</subfield><subfield code="c">20150311</subfield><subfield code="h">143635</subfield></datafield></record></collection>